% Quellenverzeichnis
% Für Typen wie Book, Article:
% http://de.wikipedia.org/wiki/BibTeX

% edition={X} für Auflage
% volume={X} für Band

@article{lange2009,
  title={Entwurfsmuster (Design Patterns)},
  author={PD Dr. Martin Lange, Dr. Ulrich Schöpp},
  url={http://www2.tcs.ifi.lmu.de/lehre/WS08-09/SEP/folien/19-Entwurfsmuster.pdf},
  year={08.01.2009}
}

@book{yacoub2004pattern,
  title={Pattern-oriented Analysis and Design: Composing Patterns to Design Software Systems},
  author={Yacoub, S.M. and Ammar, H.H.},
  isbn={9780201776409},
  lccn={2003052220},
  url={http://books.google.de/books?id=dbU4ggCbqd4C},
  year={2004},
  publisher={Addison-Wesley}
}

@book{schmidt2009php,
  title={PHP Design Patterns},
  author={Schmidt, S.},
  isbn={9783897218642},
  url={http://books.google.de/books?id=f5b9uvLbvLAC},
  year={2009},
  publisher={O'Reilly}
}

@book{liebhart2007architecture,
  title={Architecture blueprints: ein Leitfaden zur Konstruktion von Softwaresystemen mit Java Spring, .NET, ADF, Forms und SOA},
  author={Liebhart, D.},
  isbn={9783446412019},
  url={http://books.google.de/books?id=Ljl49zxDjIQC},
  year={2007},
  publisher={Hanser}
}
@article{kaufmann2001,
  title={Das Model-View-Controller Modell},
  author={Benjamin Kaufmann},
  url={http://fara.cs.uni-potsdam.de/~kaufmann/tuts/mvc.pdf},
  year={2001}
}
@book{buschmann1998pattern,
  title={Pattern-orientierte Software-Architektur: ein Pattern-System},
  author={Buschmann, F.},
  isbn={9783827312822},
  series={Professionelle Softwareentwicklung},
  url={http://books.google.de/books?id=o2nuK0qpo3QC},
  year={1998},
  publisher={Addison-Wesley}
}

@book{trottier2002sun,
  title={Sun Java 2 Enterprise Edition (J2EE) Web Component Developer Exam: Exam 310-080},
  author={Trottier, A.},
  isbn={9780789728210},
  lccn={2002109068},
  series={Training Guide Series},
  url={http://books.google.de/books?id=mTbNYFg9QrwC},
  year={2002},
  publisher={Que}
}

@book{heinisch2010java,
  title={Java Als Erste Programmiersprache: Vom Einsteiger Zum Profi},
  author={Heinisch, C. and M{\"u}ller-Hofmann, F. and Goll, J.},
  isbn={9783834898548},
  url={http://books.google.de/books?id=Lw3YfrDifosC},
  year={2010},
  publisher={Vieweg Verlag, Friedr, \& Sohn Verlagsgesellschaft mbH}
}


@book{buschmann2007pattern,
  title={Pattern-Oriented Software Architecture, A Pattern Language for Distributed Computing},
  author={Buschmann, F. and Henney, K. and Schmidt, D.C.},
  isbn={9780470065303},
  series={Pattern-Oriented Software Architecture},
  url={http://books.google.de/books?id=WVQF2PK2tlgC},
  year={2007},
  publisher={Wiley}
}

@book{fowler2003patterns,
  title={Patterns f{\"u}r Enterprise-Application-Architekturen},
  author={Fowler, M.},
  isbn={9783826613784},
  series={Software-Engineering},
  url={http://books.google.de/books?id=gnoeauhpC-cC},
  year={2003},
  publisher={mitp-Verlag}
}

@online{androidbest2013,
title = {Performance Tips},
author = {Google Inc.},
date = {24.10.2013},
url = {http://developer.android.com/training/articles/perf-tips.html},
language = {Englisch}
}

